
@Book{cpu_mem_gap,
	author = {Hennessy, J. L. and Patterson, D.A.},
	title = {Computer Architecture. A Quantitive Approach},
	publisher = {Morgan Kaufmann}, % TODO/FIXME a nie elsvier???
	year = {2012},
	edition = {5},
	pages={73}
}

@Article{WhatEveryScientistShouldKnowAboutMemory,
	author = {Ulrich Drepper},
	title = {What Every Programmer Should Know About Memory},
	year = {2007},
	month = {11},
	day = {21},
	pages = {13}
}


@online{CSharpCompacting,
	author = {Microsoft},
	title = {.NET Framework Development Guide - Fundamentals of Garbage Collection},
	url = {https://msdn.microsoft.com/en-us/library/ee787088\#what_happens_during_a_garbage_collection},
	urldate = {2015-12-06}
}

@online{JavaCompacting,
	title = {Java diagnostics guide - Understanding Memory Management},
	url = {https://docs.oracle.com/cd/E13150_01/jrockit_jvm/jrockit/geninfo/diagnos/garbage_collect.html\#wp1086917},
	urldate = {2015-12-06}
}

@article{TheLocalityPrinciple,
	author = {Denning, Peter J.},
	title = {The Locality Principle},
	journal = {Commun. ACM},
	issue_date = {July 2005},
	volume = {48},
	number = {7},
	month = jul,
	year = {2005},
	pages = {19--24},
	numpages = {6},
	url = {http://doi.acm.org/10.1145/1070838.1070856},
	acmid = {1070856},
	publisher = {ACM},
	address = {New York, NY, USA},
}

@online{TiobeIndex,
	title = {TIOBE Index for December 2015},
	url = {http://www.tiobe.com/index.php/content/paperinfo/tpci/index.html},
	urldate = {2015-12-07}
}

@online{PythonSlots,
	title = {The Python Language Reference - Data model},
	url = {https://docs.python.org/3/reference/datamodel.html#slots},
	urldate = {2015-12-07}
}

@online{MindTheCache,
	title = {using std::cpp 2015: Mind The Cache},
	url = {https://github.com/joaquintides/usingstdcpp2015},
	author = {Joaquín Mª López Muñoz},
	urldate = {2015-12-16}
}

@online{MindTheCache_AoSVsSoa,
    title = {Mind The Cache - aos vs soa},
    url = {https://github.com/joaquintides/usingstdcpp2015/blob/master/aos_vs_soa.cpp},
    urldate = {2015-12-14}
}


@online{MindTheCache_CompactAoSVsSoa,
    title = {Mind The Cache - compact aos vs soa},
    url = {https://github.com/joaquintides/usingstdcpp2015/blob/master/compact_aos_vs_soa.cpp},
    urldate = {2015-12-14}
}


@online{MindTheCache_RandomAoSVsSoa,
    title = {Mind The Cache - Random access aos vs soa},
    url = {https://github.com/joaquintides/usingstdcpp2015/blob/master/random_access_aos_vs_soa.cpp},
    urldate = {2015-12-14}
}

@online{MindTheCache_FilteredSum,
    title = {Mind The Cache - Filtered Sum},
    url = {https://github.com/joaquintides/usingstdcpp2015/blob/master/filtered_sum.cpp},
    urldate = {2015-12-14}
}

@online{MindTheCache_LinearTraversal,
	title = {Mind The Cache - Linear Traversal},
	url = {https://github.com/joaquintides/usingstdcpp2015/blob/master/linear_traversal.cpp},
	urldate = {2015-12-14}
}

@online{MindTheCache_ParallelCount,
    title = {Mind The Cache - Parallel Count},
    url = {https://github.com/joaquintides/usingstdcpp2015/blob/master/parallel_count.cpp},
    urldate = {2015-12-14}
}

@online{MindTheCache_MatrixSum,
	title = {Mind The Cache - Matrix Sum},
	url = {https://github.com/joaquintides/usingstdcpp2015/blob/master/matrix_sum.cpp},
	urldate = {2015-12-14}
}

@online{CpuCachesWhyDoYouCareDiveCon,
	title = {code::dive conference 2014: Cpu Caches and Why You Care},
	url = {https://www.youtube.com/watch?v=WDIkqP4JbkE},
	author = {Scott Meyers},
	urldate = {2015-12-14}
}

@online{ModernMicroprocessors90MinGuide,
	title = {Modern Microprocessors - A 90 Minute Guide!},
	author = {Jason Robert Carey Patterson},
	url = {http://www.lighterra.com/papers/modernmicroprocessors/},
	urldate = {2015-12-16}
}

@online{ContextSwitching,
	title = {Context switching},
	url = {https://en.wikipedia.org/wiki/Context_switch},
	urldate = {2015-12-20}
}

@online{JavaValueObjects,
	title = {Java Enchancments Proposals 169: Value Objects},
	url = {http://openjdk.java.net/jeps/169},
	urldate = {2015-12-20}	
}

@manual{IntelHWPrefetchDisclosure,
	title = {Disclosure of H/W prefetcher control on some Intel processors},
	date = {2014-09-24},
	url = {https://software.intel.com/en-us/articles/disclosure-of-hw-prefetcher-control-on-some-intel-processors},
	urldate = {2015-12-21},	
}

@manual{IntelOptimizationRefManual,
	title = {Intel\textsuperscript{®} 64 and IA-32 Architectures Optimization Reference Manual},
	url = {http://www.intel.com/content/dam/www/public/us/en/documents/manuals/64-ia-32-architectures-optimization-manual.pdf},
	chapter = {7},
	urldate = {2015-12-21},
}

@online{IntelDataAlignment,
	title = {Coding for Performance: Data alignment and structures},
	url = {https://software.intel.com/en-us/articles/coding-for-performance-data-alignment-and-structures},
	urldate = {2015-12-25}
}

@online{RefusingUnalignedAccessArchitectures,
	title = {RISC Processor Data Alignment: About Data Alignment},
	url = {https://msdn.microsoft.com/en-us/library/ms253949%28VS.80%29.aspx},
	urldate = {2015-12-25}
}


@article{Knuth,
    author = {Knuth, Donald E.},
    title = {Structured Programming with Go to Statements},
    journal = {ACM Comput. Surv.},
    issue_date = {Dec. 1974},
    volume = {6},
    number = {4},
    month = dec,
    year = {1974},
    pages = {261--301},
    numpages = {41},
    url = {http://doi.acm.org/10.1145/356635.356640},
    acmid = {356640},
    publisher = {ACM},
    address = {New York, NY, USA},
} 